<?xml version="1.0" encoding="UTF-8"?><collection xmlns="http://www.loc.gov/MARC21/slim"><record><leader>00491nam--2200181-u-4500</leader><controlfield tag="001">000051875</controlfield><controlfield tag="002">20161230</controlfield><controlfield tag="005">20170205225618</controlfield><controlfield tag="008">090325s1000------------r-----000-0-eng-d</controlfield><datafield ind1=" " ind2=" " tag="040"><subfield code="a">IFIN-HH</subfield></datafield><datafield ind1=" " ind2=" " tag="080"><subfield code="a">517.977.5</subfield></datafield><datafield ind1="1" ind2=" " tag="100"><subfield code="a">Emelichev, V. A</subfield></datafield><datafield ind1="1" ind2="0" tag="245"><subfield code="a">Metod Prostroeniya Posledovatelnosti Planov dlya Resheniya Zadach Diskretnoi Optimizatsii</subfield></datafield><datafield ind1=" " ind2=" " tag="260"><subfield code="a">Moskva</subfield><subfield code="b">Nauka</subfield><subfield code="c">1981</subfield></datafield><datafield ind1=" " ind2=" " tag="300"><subfield code="a">208 p</subfield></datafield><datafield ind1=" " ind2=" " tag="700"><subfield code="a">Komlik, V. I</subfield></datafield><datafield ind1=" " ind2=" " tag="852"><subfield code="a">49989</subfield><subfield code="c">517.9</subfield></datafield><datafield ind1=" " ind2=" " tag="CAT"><subfield code="a">SYS</subfield><subfield code="c">20170205</subfield><subfield code="h">225618</subfield></datafield></record></collection>